@article{entman_2007_framing,
  author = {Entman, Robert M.},
  month = {03},
  pages = {163-173},
  title = {Framing Bias: Media in the Distribution of Power},
  doi = {https://doi.org/10.1111/j.1460-2466.2006.00336.x},
  url = {https://academic.oup.com/joc/article-abstract/57/1/163/4102665},
  volume = {57},
  year = {2007},
  journal = {Journal of Communication}
}

@misc{mastrine_2019_how,
  author = {Mastrine, Julie},
  month = {08},
  title = {How to Spot 16 Types of Media Bias},
  url = {https://www.allsides.com/media-bias/how-to-spot-types-of-media-bias},
  year = {2019},
  organization = {AllSides}
}

@article{benson_2024_developing,
  author = {Benson, Seth P and Cruickshank, Iain J},
  month = {01},
  pages = {1-1},
  publisher = {Institute of Electrical and Electronics Engineers},
  title = {Developing a Natural Language Understanding Model to Characterize Cable News Bias},
  doi = {10.1109/access.2024.3369490},
  urldate = {2024-03-14},
  year = {2024},
  journal = {IEEE Access}
}

@article{khushirakhecha_2023_a,
  author = {Khushi Rakhecha and Simran Rauniyar and Agrawal, Muskan and Bhatt, Aruna},
  month = {05},
  title = {A Survey on Bias Detection in Online News using Deep Learning},
  doi = {10.1109/icaaic56838.2023.10140917},
  urldate = {2024-03-14},
  year = {2023},
  journal = {}
}

@article{rohera_2022_a,
  author = {Rohera, Dhiren and Shethna, Harshal and Patel, Keyur and Thakker, Urvish and Tanwar, Sudeep and Gupta, Rajesh and Hong, Wei-Chiang and Sharma, Ravi},
  pages = {30367–30394},
  title = {A Taxonomy of Fake News Classification Techniques: Survey and Implementation Aspects},
  doi = {10.1109/ACCESS.2022.3159651},
  url = {https://ieeexplore.ieee.org/abstract/document/9734026},
  volume = {10},
  year = {2022},
  journal = {IEEE Access}
}

@article{arruda_2020_analysing,
  author = {Arruda, Gabriel De and Roman, Norton and Monteiro, Ana},
  month = {02},
  pages = {173–199},
  title = {Analysing Bias in Political News},
  doi = {10.3897/jucs.2020.011},
  url = {https://lib.jucs.org/article/23996/},
  urldate = {2022-11-16},
  volume = {26},
  year = {2020},
  journal = {JUCS - Journal of Universal Computer Science}
}

@misc{mansouri_2020_a,
  author = {Mansouri, Reza and Naderan-Tahan, Mahmood and Rashti, Mohammad Javad},
  month = {08},
  pages = {1–5},
  title = {A Semi-supervised Learning Method for Fake News Detection in Social Media},
  doi = {10.1109/ICEE50131.2020.9261053},
  url = {https://ieeexplore.ieee.org/stamp/stamp.jsp?arnumber=9261053},
  urldate = {2022-04-29},
  year = {2020},
  organization = {IEEE Xplore}
}

@article{chen_2020_analyzing,
  author = {Chen, Wei-Fan and Khalid Al Khatib and Wachsmuth, Henning and Stein, Benno},
  month = {01},
  publisher = {Cornell University},
  title = {Analyzing Political Bias and Unfairness in News Articles at Different Levels of Granularity},
  doi = {10.18653/v1/2020.nlpcss-1.16},
  urldate = {2023-12-16},
  year = {2020},
  journal = {arXiv (Cornell University)}
}

@article{hamborg_2019_automated,
  author = {Hamborg, Felix and Zhukova, Anastasia and Gipp, Bela},
  month = {06},
  title = {Automated Identification of Media Bias by Word Choice and Labeling in News Articles},
  doi = {10.1109/jcdl.2019.00036},
  urldate = {2021-10-17},
  year = {2019},
  journal = {2019 ACM/IEEE Joint Conference on Digital Libraries (JCDL)}
}

@article{graneheim_2017_methodological,
  author = {Graneheim, Ulla H. and Lindgren, Britt-Marie and Lundman, Berit},
  month = {09},
  pages = {29-34},
  title = {Methodological challenges in qualitative content analysis: A discussion paper},
  doi = {10.1016/j.nedt.2017.06.002},
  url = {https://www.sciencedirect.com/science/article/pii/S0260691717301429},
  volume = {56},
  year = {2017},
  journal = {Nurse Education Today}
}

@article{wu_2022_bias,
  author = {Wu, Junfei and Liu, Qiang and Xu, Wei and Wu, Shu},
  month = {07},
  title = {Bias Mitigation for Evidence-aware Fake News Detection by Causal Intervention},
  doi = {10.1145/3477495.3531850},
  urldate = {2023-11-04},
  year = {2022},
  journal = {Proceedings of the 45th International ACM SIGIR Conference on Research and Development in Information Retrieval}
}

@article{hu_2022_causal,
  author = {Hu, Linmei and Chen, Ziwei and Yin, Ziwang Zhao Jianhua and Nie, Liqiang},
  pages = {1-12},
  title = {Causal Inference for Leveraging Image-text Matching Bias in Multi-modal Fake News Detection},
  doi = {10.1109/tkde.2022.3231338},
  urldate = {2023-03-09},
  year = {2022},
  journal = {IEEE Transactions on Knowledge and Data Engineering}
}

@article{pryzant_2020_automatically,
  author = {Pryzant, Reid and Diehl Martinez, Richard and Dass, Nathan and Kurohashi, Sadao and Jurafsky, Dan and Yang, Diyi},
  month = {04},
  pages = {480-489},
  title = {Automatically Neutralizing Subjective Bias in Text},
  doi = {10.1609/aaai.v34i01.5385},
  url = {https://nlp.stanford.edu/pubs/pryzant2020bias.pdf},
  urldate = {2021-10-13},
  volume = {34},
  year = {2020},
  journal = {Proceedings of the AAAI Conference on Artificial Intelligence}
}

@article{hamborg_2018_automated,
  author = {Hamborg, Felix and Donnay, Karsten and Gipp, Bela},
  month = {11},
  pages = {391-415},
  title = {Automated identification of media bias in news articles: an interdisciplinary literature review},
  doi = {10.1007/s00799-018-0261-y},
  volume = {20},
  year = {2018},
  journal = {International Journal on Digital Libraries}
}

@misc{spinde_2021_neural,
  author = {Spinde, Timo and Plank, Manuel and Krieger, Jan-David and Ruas, Terry and Gipp, Bela and Aizawa, Akiko},
  month = {11},
  pages = {1166–1177},
  publisher = {Association for Computational Linguistics},
  title = {Neural Media Bias Detection Using Distant Supervision With BABE - Bias Annotations By Experts},
  doi = {10.18653/v1/2021.findings-emnlp.101},
  url = {https://aclanthology.org/2021.findings-emnlp.101/},
  urldate = {2022-04-24},
  year = {2021},
  organization = {ACLWeb}
}

@misc{liu_2019_roberta,
  author = {Liu, Yinhan and Ott, Myle and Goyal, Naman and Du, Jingfei and Joshi, Mandar and Chen, Danqi and Levy, Omer and Lewis, Mike and Zettlemoyer, Luke and Stoyanov, Veselin},
  month = {07},
  title = {RoBERTa: A Robustly Optimized BERT Pretraining Approach},
  url = {https://arxiv.org/abs/1907.11692},
  year = {2019},
  organization = {arXiv.org}
}

@misc{a2020_overview,
  month = {11},
  title = {Overview of ROBERTa model},
  url = {https://www.geeksforgeeks.org/overview-of-roberta-model/},
  year = {2020},
  organization = {GeeksforGeeks}
}

@article{ribeiro_2018_anchors,
  author = {Ribeiro, Marco Tulio and Singh, Sameer and Guestrin, Carlos},
  month = {04},
  title = {Anchors: High-Precision Model-Agnostic Explanations},
  doi = {10.1609/aaai.v32i1.11491},
  volume = {32},
  year = {2018},
  journal = {Proceedings of the AAAI Conference on Artificial Intelligence}
}

@article{richardson2007beautiful,
  title={Beautiful soup documentation},
  author={Richardson, Leonard},
  journal={April},
  year={2007}
}

@article{iuliaturc_2019_wellread,
  author = {Iulia Turc and Chang, Ming-Wei and Lee, Kenton and Toutanova, Kristina},
  month = {08},
  publisher = {Cornell University},
  title = {Well-Read Students Learn Better: The Impact of Student Initialization on Knowledge Distillation},
  urldate = {2024-05-03},
  year = {2019},
  journal = {arXiv (Cornell University)}
}

@article{bhargava_2021_generalization,
  author = {Bhargava, Prajjwal and Drozd, Aleksandr and Rogers, Anna},
  month = {10},
  pages = {125-135},
  publisher = {Cornell University},
  title = {Generalization in NLI: Ways (Not) To Go Beyond Simple Heuristics},
  urldate = {2024-05-03},
  year = {2021},
  journal = {arXiv (Cornell University)}
}

@misc{arora_2018_an,
  author = {Arora, Sanjeev and Hu, Wei and Kothari, Pravesh K.},
  month = {07},
  pages = {1455–1462},
  publisher = {PMLR},
  title = {An Analysis of the t-SNE Algorithm for Data Visualization},
  url = {http://proceedings.mlr.press/v75/arora18a.html},
  year = {2018},
  organization = {proceedings.mlr.press}
}

@article{com_2008_visualizing,
  author = {Com, Lvdmaaten@gmail and Hinton, Geoffrey},
  pages = {2579-2605},
  title = {Visualizing Data using t-SNE Laurens van der Maaten},
  url = {https://www.jmlr.org/papers/volume9/vandermaaten08a/vandermaaten08a.pdf?fbcl},
  volume = {9},
  year = {2008},
  journal = {Journal of Machine Learning Research}
}

@misc{devlin_2018_bert,
  author = {Devlin, Jacob and Chang, Ming-Wei and Lee, Kenton and Toutanova, Kristina},
  month = {10},
  title = {BERT: Pre-training of Deep Bidirectional Transformers for Language Understanding},
  url = {https://arxiv.org/abs/1810.04805},
  year = {2018},
  organization = {arXiv.org}
}